@online{duolingoBrand,
	author = {Duolingo},
	title = {Duolingo Brand Guidelines},
	date = {2024-12-04},
	url = {https://design.duolingo.com/},
	note = {Accessed on 2024-12-04},
}
